<bibtex>

@misc{tv2,
author       = {Kalleklev, Helge}, 
title            = {{Så store er egentlig scoringssjansene i Premier League}},
year             = {2017},
howpublished         = {URL: \url{http://www.tv2.no/a/9438231/}},
note = {{Accessed 29.10.2017}},
}

@misc{skysports,
author    = {Bate, Adam and Campell, Rory}, 
title         = {{Expected goals explained: The analysis that is changing the game}},
year  = {2017},
howpublished = {URL: \url{http://www.skysports.com/football/news/11661/10907419/expected-goals-explained-the-analysis-that-is-changing-the-game}},
 note = {{Accessed 01.11.2017}},
}
@misc{fantasysports,
author    = {Fantasy Sports Trade Association}, 
title         = {{Press Release: Fantasy Sports now a \$ 7 billion industry}},
year  = {2017},
howpublished = {URL: \url{https://fsta.org/press-release-fantasy-sports-now-a-7-billion-industry/}},
 note = {{Accessed 02.10.2017}},
}

@misc{samgreen,
author    = {Green, Sam}, 
title  = {{BLOG: Assessing the performance of Premier League goalscorers}},
year  = {2012},
howpublished = {URL: \url{http://www.optasportspro.com/about/optapro-blog/posts/2012/blog-assessing-the-performance-of-premier-league-goalscorers/}},
note = {{Accessed 01.11.2017}},
}

@misc{goal_time_analysis,
author    = {Bohrmann, Ford}, 
title  = {{Goal Time Analysis}},
year  = {2013},
howpublished = {URL: \url{http://www.soccerstatistically.com/blog/2013/7/15/goal-time-analysis.html/}},
note = {{Accessed 4.12.2017}},
}
@article{macdonald,
author    = {Macdonald,Brian }, 
title         = {An Expected Goals Models for Evaluating NHL Teams and Players},
year  = {2012},
journal = {MIT Sloan Sports Analytics Conference},
}

@article{lucey,
author    = {Lucey,Patrick and Bialkowski,Alina and Monfort,Mathew and Carr,Peter  and Matthews, Iain}, 
title = {{“Quality vs Quantity”: Improved Shot Prediction in Soccer using
Strategic Features from Spatiotemporal Data}},
year  = {2015},
journal = {MIT Sloan Sports Analytics Conference},
}
@article{drafting_hockey_pools,
author    = {Summers, Amy E. and Swartz,Tim B. and Lockhart, Richard A.}, 
title = {{Optimal Drafting in Hockey Pools}},
year  = {2005},
journal = {Department of Mathematics \& Statistics working paper},
}

@mastersthesis{vabo,
author     = { Bjertnes, Vegard R. and N{\o}rsteb\o, Olav and
Vabo, Eirik}, 
title          = {{Valuing Individual Player Involvements in
Norwegian Association Football}},
school = { Norwegian University of Science and
Technology},
year = {2016},
}

@misc{michaelcaley1,
author    = {Caley, Michael}, 
title         = {{Let's talk about expected goals}},
year  = {2015},
howpublished = {URL: \url{https://cartilagefreecaptain.sbnation.com/2015/4/10/8381071/football-statistics-expected-goals-michael-caley-deadspin}},
note = {{Accessed 29.10.2017}},
}

@misc{mackay1,
author    = {Mackay, Nils}, 
title         = {{How NOT to evaluate your xG model}},
year  = {2016},
howpublished = {URL: \url{http://mackayanalytics.nl/2016/03/14/how-not-to-evaluate-your-xg-model/}},
note = {{Accessed 29.10.2017}},
}

@misc{mackay2,
author    = {Mackay, Nils}, 
title         = {{How good are our xG models?}},
year  = {2016},
howpublished = {URL: \url{http://mackayanalytics.nl/2016/03/28/how-good-are-our-xg-models/}},
note = {{Accessed 16.10.2017}},
}


@misc{michaelcaley2,
author    = {Caley, Michael}, 
title         = {{Premier League Projections and New Expected Goals}},
year  = {2015},
howpublished = {URL: \url{https://cartilagefreecaptain.sbnation.com/2015/10/19/9295905/premier-league-projections-and-new-expected-goals}},
note = {{Accessed 28.10.2017}},
}

@inproceedings{Matthews,
 author = {Matthews, Tim and Ramchurn, Sarvapali D. and Chalkiadakis, Georgios},
 title = {{Competing with Humans at Fantasy Football: Team Formation in Large Partially-observable Domains}},
 booktitle = {Proceedings of the Twenty-Sixth AAAI Conference on Artificial Intelligence},
 series = {AAAI'12},
 year = {2012},
 location = {Toronto, Ontario, Canada},
 pages = {1394--1400},
 numpages = {7},
 url = {http://dl.acm.org/citation.cfm?id=2900728.2900925},
 acmid = {2900925},
 publisher = {AAAI Press},
} 


@mastersthesis{King,
author    = {King, Nicholas A.}, 
title         = {{Predicting a Quarterback's Fantasy Football Point Output for Daily Fantasy Sports using Statistical Models}},
school = {The University of Texas at Arlington},
year  = {2017},
}

@article{Dixon,
author    = {Dixon, Mark J.  and Coles, Stuart G.}, 
title         = {{Modelling Association Football Scores and Inefficiencies in the Football Betting Market}},
year  = {1997},
volume = {46},
pages = {265-280},
journal = {Applied Statistics},
}

@book{Moroney,
author    = {Moroney, M.J.}, 
title         = {{Facts from figures}},
publisher = {Pelican},
year  = {1951},
}

@article{Reep,
author    = {Reep, C. and Benjamin, B.}, 
title         = {{Skill and chance in association football}},
year  = {1968},
pages = {581-585},
journal = {Applied Statistics},
}

@misc{Maher,
author    = {Maher, M.J.}, 
title         = {{Modelling Football Association Scores}},
year  = {1982},
}

@article{Fry,
author    = {Fry,Michael J. and Lundberg, Andrew W.  and Ohlmann, Jeffrey W.  }, 
title         = {{A Player Selection Heuristic for a Sports League Draft}},
year  = {2007},
journal = {Journal of Quantitative Analysis in Sports},
}

@article{Becker,
author    = {Becker, Adrian and Sun, Xu Andy}, 
title         = {{An analytical approach for fantasy football draft and lineup management}},
year  = {2016},
volume = {12},
pages = {17-30},
journal = {Journal of Quantitative Analysis in Sports},
}

@article{Gibson,
author    = {Gibson,Matthew R. and Fry, Michael J.  and Ohlmann, Jeffrey W.}, 
title         = {{An agent-based stochastic ruler approach for a stochastic knapsack problem with sequential competition}},
year  = {2007},
journal = {Computers and Operations Research},
volume = {37},
issue = {3}, 
pages = {598-609}, 
}

@book{Speranza,
author     = {Mansini, Renata and Ogryczak, Włodzimierz and Speranza, M. Grazia}, 
title          = {{Linear and Mixed Integer Programming for Portfolio Optimization}},
publisher = {Springer International Publishing},
year = {2015},
ISBN = {978-3-319-18481-4},
}

@article{Markowitz,
author    = {Markowitz, Harry Max}, 
title         = {{Portfolio selection}},
year  = {1952},
journal = {The Journal of Finance},
volume = {7}, 
pages = {77-91},
}


@book{Walpole,
author     = { Walpole, Ronald E. and Myers, Raymond H. and Myers, Sharon L and Ye, Keying E.}, 
title          = {{Probability \& Statistics for Engineers \& Scientists, 7th edition}},
publisher = {Prentice Hall},
type = {Lecture book},
year = {2002},
}

@misc{TradingTechnologies,
author    = {\text{Trading Technologies Internationals}}, 
title         = {{Weighted Moving Average (WMA)}},
year  = {2017},
}
howpublished = {URL: \url{https://www.tradingtechnologies.com/help/x-study/technical-indicator-definitions/weighted-moving-average-wma/}},
note = {{Accessed 14.12.2017}},
}

@book{Hyndman,
author    = {Hyndman, Rob J. and Athanasopoulos George}, 
title         = {{Forcasting: Principles and Practice }},
publisher = {Monash University, Australia},
year  = {2017},
}

@misc{Glover,
author    = {Chris Glover}, 
title         = {{Data visualizations for the 2017-18 Premier League fantasy footbal season}},
year  = {2017},
}
howpublished = {URL: \url{http://www.plfantasy.com/}},
note = {{Accessed 12.10.2017}},
}

@article{Coleman,
author    = {Coleman, Jay B.}, 
title         = {{Identifying the "Players" in Sports Analytics Research}},
year  = {2012},
journal = {Interfaces},
pages = {109-118}, 
volume = {42},
}


@article{Mathsports,
  author =       {Goossens, D. and Beliën, J. and Van Reeth, D. },
  title = {Optimization modelling for analyzing fantasy sport games}, 
  year = {2017},
  journal = {Information Systems and Operational Research},
  pages = {275-294},
  volume = {55},
}

@misc{Purdum,
author    = {Purdum, David}, 
title         = {{Future of sports betting: fantasy sports}},
year  = {2017},
howpublished = {URL: \url{http://www.espn.com/chalk/story/_/id/19309213/chalk-why-fantasy-sports-sports-betting-collision-course-us}},
note = {{Accessed 14.03.2018}},
}

@article{Smith,
author    = {Smith, Bryan and Sharma, Priya and Hooper, Paula}, 
title         = {{Decision making in online fantasy sports communities}},
year  = {2006},
journal = {Interactive Technology and Smart Education},
pages = {347-360},
volume = {4},
}

@article{Yang,
author    = {Yang, Yuanhao }, 
title         = {Predicting Regular Season Results of NBA Teams Based on Regression Analysis of Common Basketball Statistics},
year  = {2015},
journal = {University of California at Berkely},
}

@article{Bonomo,
author    = {Bonomo, F and Duran, G and Marenco, J}, 
title         = {Mathematical programming as a tool for virtual soccercoaches: a case study of a fantasy sport game},
year  = {2014},
journal = {International Transactions in Operational Research},
pages = {399-414},
volume = {21},
}


@article{Rue,
author    = {Rue, Håvard and Salvesen, Øyvind}, 
title         = {Prediction and retrospective analysis of soccer
matches in a league},
year  = {2000},
journal = {Norwegian University of Science and Technology},
}

@book{Elo,
author     = {Elo, A.E.}, 
title          = {{The rating of chessplayers, past and present}},
publisher = {Arco Publishing},
type = {Lecture book},
year = {1978},
}

@article{Hvattum,
author    = {Hvattum, L.M and Arntzen,H}, 
title         = {Using ELO ratings for match result prediction in association
football},
year  = {2009},
journal = {Norwegian University of Science and Technology},
}

@article{Nevill,
author    = {Nevill, A.M and Holder, R.L}, 
title         = {Home Advantage in Sport},
year  = {1999},
journal = {Sports Medicine},
}

@article{Pollard,
author    = {Pollard, R and Pollard, G}, 
title         = {Long-term trends in home advantage in professional team sports in North America and England (1876–2003)},
year  = {2005},
journal = {Journal of Sports Sciences},
}

@inproceedings{Dailyfantasysports,
 author = {Newell, Sarah and Easton, Todd},
 title = {{Optimizing Tiered Daily fantasy sports -- Mathematically Modeling DraftKings® NFL Millionaire Maker Tournament}},
 booktitle = {Proceedings of the Industrial and Systems Engineering Conference},
 year = {2017},
} 


</bibtex>